@article{maciel:19,
  title={Ferramentas e criação de chatbot -- Maciel o robô acadêmico},
  author={Maciel, Herison Bezerra},
  publisher={Universidade Federal do Ceará, Campus Russas},
  year={2019}
}

@inproceedings{bulhoes:20,
  title={Professora Vit{\'o}ria: um Chatbot para o ensino da Leitura},
  author={Bulhões, et al},
  booktitle={Anais do XXXI Simp{\'o}sio Brasileiro de Inform{\'a}tica na Educa{\c{c}}{\~a}o},
  pages={451--460},
  year={2020},
  organization={SBC}
}

@article{lucchesi:18,
  title={Avalia{\c{c}}ao de um chatbot no contexto educacional: Um relato de experi{\^e}ncia com metis},
  author={Lucchesi, et al},
  journal={RENOTE},
  volume={16},
  number={1},
  year={2018}
}

@article{araujo:20,
  title={Chatbot como apoio a monitoria de alunos no ensino superior.},
  author={Ara{\'u}jo, Anderson Soriano de},
  year={2020}
}

@article{torres:21,
  title={Adapta{\c{c}}{\~a}o acad{\^e}mica de estudantes do 1{\textordmasculine} ano: Promovendo o Sucesso e a perman{\^e}ncia na Universidade},
  author={Torres, Ana Am{\'a}lia Gomes de Barros and Almeida, Leandro S and others},
  journal={Revista Internacional de Educa{\c{c}}{\~a}o Superior},
  volume={7},
  pages={e021024--e021024},
  year={2021}
}

@article{guerreiro:19,
  title={Novos desafios da educa{\c{c}}{\~a}o a dist{\^a}ncia: programa{\c{c}}{\~a}o e uso de Chatbots},
  author={Guerreiro, Anibal e Barros, Daniela Melar{\'e} Vieira},
  year={2019}
}

@phdthesis{correia:19,
  title={A evolu{\c{c}}{\~a}o dos chatbots e os seus benef{\'\i}cios para marcas e consumidores},
  author={Correia, Mafalda Pinto},
  year={2019}
}

@phdthesis{valente:20,
  title={Chatbots no suporte ao cliente: o assistente virtual do MobiCascais},
  author={Valente, Joana Pereira de Almeida},
  year={2020}
}

@inproceedings{silva:21,
  title={Desenvolvimento de ferramenta de chatbot como solu{\c{c}}{\~a}o para a comunica{\c{c}}{\~a}o do IFB},
  author={Silva, Katlen Karine Costa and Tierno, Rodrigo Ortega and Branchine, Sandra Maria and Vila{\c{c}}a, Douglas Santos Silva and Oliveira, F{\'a}bio Henrique Monteiro},
  booktitle={Anais Estendidos do XVII Simp{\'o}sio Brasileiro de Sistemas de Informa{\c{c}}{\~a}o},
  pages={185--188},
  year={2021},
  organization={SBC}
}

@article{juca:18,
  title={Aplica{\c{c}}{\~o}es pr{\'a}ticas de sistemas embarcados: Linux utilizando raspberry pi},
  author={Jucá, Sandro e Pereira, Renata},
  journal={POD (Ed.). Rio de Janeiro, Brasil:[sn]},
  volume={1},
  pages={216},
  year={2018}
}

@inproceedings{junior:19,
 author = {Júnior, Jose M. et al},
 title = {Sistema de Confirmação de Refeição do Restaurante Acadêmico no IFCE - Campus Maracanaú},
 booktitle = {Anais da VII Escola Regional de Computação Aplicada à Saúde},
 location = {Teresina},
 year = {2019},
 keywords = {},
 pages = {103--108},
 publisher = {SBC},
 address = {Porto Alegre, RS, Brasil},
 url = {https://sol.sbc.org.br/index.php/ercas/article/view/9043}
}

@inproceedings{nltk,
  title={Natural Language Processing with Python},
  author={Bird, Steven},
  booktitle={Creative Commons Attribution Noncommercial No-Derivative-Works 3.0 US License},
  year={2009}
}