@article{catbot:19,
  title={CatBot -- um agente conversacional para auxiliar estudantes acad{\^e}micos},
  author={Almeida, B{\'a}rbara Moreira Drummond de},
  publisher={Universidade Federal Fluminense},
  year={2019}
}

@article{maciel:19,
  title={Ferramentas e criação de chatbot -- Maciel o robô acadêmico},
  author={Maciel, Herison Bezerra},
  publisher={Universidade Federal do Ceará, Campus Russas},
  year={2019}
}

@inproceedings{bulhoes:20,
  title={Professora Vit{\'o}ria: um Chatbot para o ensino da Leitura},
  author={Bulhões, et al},
  booktitle={Anais do XXXI Simp{\'o}sio Brasileiro de Inform{\'a}tica na Educa{\c{c}}{\~a}o},
  pages={451--460},
  year={2020},
  organization={SBC}
}

@article{lucchesi:18,
  title={Avalia{\c{c}}ao de um chatbot no contexto educacional: Um relato de experi{\^e}ncia com metis},
  author={Lucchesi, et al},
  journal={RENOTE},
  volume={16},
  number={1},
  year={2018}
}

@article{araujo:20,
  title={Chatbot como apoio a monitoria de alunos no ensino superior.},
  author={Ara{\'u}jo, Anderson Soriano de},
  year={2020}
}